2018-12-24 19:29:16.623 ,QWERTYUIOP01,9128283H1,BUY,10000000,99-281,DONE,
2018-12-24 19:29:16.624 ,QWERTYUIOP02,9128283H1,SELL,20000000,99-123,DONE,
2018-12-24 19:29:16.624 ,QWERTYUIOP03,9128283H1,BUY,30000000,99-287,DONE,
2018-12-24 19:29:16.624 ,QWERTYUIOP04,9128283H1,SELL,40000000,99-255,DONE,
2018-12-24 19:29:16.624 ,QWERTYUIOP05,9128283H1,BUY,50000000,100-263,DONE,
2018-12-24 19:29:16.624 ,QWERTYUIOP06,9128283H1,SELL,50000000,99-147,DONE,
2018-12-24 19:29:16.624 ,QWERTYUIOP07,9128283H1,BUY,40000000,99-093,DONE,
2018-12-24 19:29:16.624 ,QWERTYUIOP08,9128283H1,SELL,30000000,99-020,DONE,
2018-12-24 19:29:16.625 ,QWERTYUIOP09,9128283H1,BUY,20000000,99-040,DONE,
2018-12-24 19:29:16.625 ,QWERTYUIOP10,9128283H1,SELL,10000000,99-177,DONE,
2018-12-24 19:29:16.625 ,ASDFGHJKLZ01,9128283L2,BUY,10000000,100-086,DONE,
2018-12-24 19:29:16.625 ,ASDFGHJKLZ02,9128283L2,SELL,20000000,100-061,DONE,
2018-12-24 19:29:16.625 ,ASDFGHJKLZ03,9128283L2,BUY,30000000,100-103,DONE,
2018-12-24 19:29:16.625 ,ASDFGHJKLZ04,9128283L2,SELL,40000000,100-000,DONE,
2018-12-24 19:29:16.625 ,ASDFGHJKLZ05,9128283L2,BUY,50000000,100-246,DONE,
2018-12-24 19:29:16.626 ,ASDFGHJKLZ06,9128283L2,SELL,50000000,99-001,DONE,
2018-12-24 19:29:16.626 ,ASDFGHJKLZ07,9128283L2,BUY,40000000,99-18+,DONE,
2018-12-24 19:29:16.626 ,ASDFGHJKLZ08,9128283L2,SELL,30000000,99-015,DONE,
2018-12-24 19:29:16.626 ,ASDFGHJKLZ09,9128283L2,BUY,20000000,100-272,DONE,
2018-12-24 19:29:16.626 ,ASDFGHJKLZ10,9128283L2,SELL,10000000,100-197,DONE,
2018-12-24 19:29:16.627 ,XCVBNMPOIU01,912828M80,BUY,10000000,99-27+,DONE,
2018-12-24 19:29:16.627 ,XCVBNMPOIU02,912828M80,SELL,20000000,100-061,DONE,
2018-12-24 19:29:16.627 ,XCVBNMPOIU03,912828M80,BUY,30000000,99-053,DONE,
2018-12-24 19:29:16.627 ,XCVBNMPOIU04,912828M80,SELL,40000000,99-086,DONE,
2018-12-24 19:29:16.627 ,XCVBNMPOIU05,912828M80,BUY,50000000,99-11+,DONE,
2018-12-24 19:29:16.627 ,XCVBNMPOIU06,912828M80,SELL,50000000,100-101,DONE,
2018-12-24 19:29:16.628 ,XCVBNMPOIU07,912828M80,BUY,40000000,100-261,DONE,
2018-12-24 19:29:16.628 ,XCVBNMPOIU08,912828M80,SELL,30000000,100-242,DONE,
2018-12-24 19:29:16.628 ,XCVBNMPOIU09,912828M80,BUY,20000000,100-292,DONE,
2018-12-24 19:29:16.628 ,XCVBNMPOIU10,912828M80,SELL,10000000,99-097,DONE,
2018-12-24 19:29:16.628 ,YTREWQLKJH01,9128283J7,BUY,10000000,100-140,DONE,
2018-12-24 19:29:16.628 ,YTREWQLKJH02,9128283J7,SELL,20000000,99-187,DONE,
2018-12-24 19:29:16.629 ,YTREWQLKJH03,9128283J7,BUY,30000000,100-121,DONE,
2018-12-24 19:29:16.629 ,YTREWQLKJH04,9128283J7,SELL,40000000,99-046,DONE,
2018-12-24 19:29:16.629 ,YTREWQLKJH05,9128283J7,BUY,50000000,99-291,DONE,
2018-12-24 19:29:16.629 ,YTREWQLKJH06,9128283J7,SELL,50000000,100-052,DONE,
2018-12-24 19:29:16.629 ,YTREWQLKJH07,9128283J7,BUY,40000000,100-16+,DONE,
2018-12-24 19:29:16.629 ,YTREWQLKJH08,9128283J7,SELL,30000000,99-315,DONE,
2018-12-24 19:29:16.629 ,YTREWQLKJH09,9128283J7,BUY,20000000,100-220,DONE,
2018-12-24 19:29:16.630 ,YTREWQLKJH10,9128283J7,SELL,10000000,100-277,DONE,
2018-12-24 19:29:16.630 ,GFDSAMNBVC01,9128283F5,BUY,10000000,100-166,DONE,
2018-12-24 19:29:16.630 ,GFDSAMNBVC02,9128283F5,SELL,20000000,100-040,DONE,
2018-12-24 19:29:16.630 ,GFDSAMNBVC03,9128283F5,BUY,30000000,99-161,DONE,
2018-12-24 19:29:16.630 ,GFDSAMNBVC04,9128283F5,SELL,40000000,100-29+,DONE,
2018-12-24 19:29:16.630 ,GFDSAMNBVC05,9128283F5,BUY,50000000,99-052,DONE,
2018-12-24 19:29:16.630 ,GFDSAMNBVC06,9128283F5,SELL,50000000,100-20+,DONE,
2018-12-24 19:29:16.631 ,GFDSAMNBVC07,9128283F5,BUY,40000000,99-023,DONE,
2018-12-24 19:29:16.631 ,GFDSAMNBVC08,9128283F5,SELL,30000000,99-086,DONE,
2018-12-24 19:29:16.631 ,GFDSAMNBVC09,9128283F5,BUY,20000000,99-075,DONE,
2018-12-24 19:29:16.631 ,GFDSAMNBVC10,9128283F5,SELL,10000000,99-035,DONE,
2018-12-24 19:29:16.631 ,XZQWERTYUI01,912810RZ3,BUY,10000000,100-013,DONE,
2018-12-24 19:29:16.631 ,XZQWERTYUI02,912810RZ3,SELL,20000000,99-245,DONE,
2018-12-24 19:29:16.631 ,XZQWERTYUI03,912810RZ3,BUY,30000000,99-002,DONE,
2018-12-24 19:29:16.631 ,XZQWERTYUI04,912810RZ3,SELL,40000000,100-277,DONE,
2018-12-24 19:29:16.631 ,XZQWERTYUI05,912810RZ3,BUY,50000000,100-047,DONE,
2018-12-24 19:29:16.632 ,XZQWERTYUI06,912810RZ3,SELL,50000000,100-013,DONE,
2018-12-24 19:29:16.632 ,XZQWERTYUI07,912810RZ3,BUY,40000000,99-166,DONE,
2018-12-24 19:29:16.632 ,XZQWERTYUI08,912810RZ3,SELL,30000000,100-075,DONE,
2018-12-24 19:29:16.632 ,XZQWERTYUI09,912810RZ3,BUY,20000000,100-012,DONE,
2018-12-24 19:29:16.632 ,XZQWERTYUI10,912810RZ3,SELL,10000000,100-103,DONE,
2018-12-24 19:46:34.341 ,QWERTYUIOP01,9128283H1,BUY,10000000,99-281,DONE,
2018-12-24 19:46:34.341 ,QWERTYUIOP02,9128283H1,SELL,20000000,99-123,DONE,
2018-12-24 19:46:34.341 ,QWERTYUIOP03,9128283H1,BUY,30000000,99-287,DONE,
2018-12-24 19:46:34.341 ,QWERTYUIOP04,9128283H1,SELL,40000000,99-255,DONE,
2018-12-24 19:46:34.341 ,QWERTYUIOP05,9128283H1,BUY,50000000,100-263,DONE,
2018-12-24 19:46:34.341 ,QWERTYUIOP06,9128283H1,SELL,50000000,99-147,DONE,
2018-12-24 19:46:34.341 ,QWERTYUIOP07,9128283H1,BUY,40000000,99-093,DONE,
2018-12-24 19:46:34.342 ,QWERTYUIOP08,9128283H1,SELL,30000000,99-020,DONE,
2018-12-24 19:46:34.342 ,QWERTYUIOP09,9128283H1,BUY,20000000,99-040,DONE,
2018-12-24 19:46:34.342 ,QWERTYUIOP10,9128283H1,SELL,10000000,99-177,DONE,
2018-12-24 19:46:34.342 ,ASDFGHJKLZ01,9128283L2,BUY,10000000,100-086,DONE,
2018-12-24 19:46:34.342 ,ASDFGHJKLZ02,9128283L2,SELL,20000000,100-061,DONE,
2018-12-24 19:46:34.342 ,ASDFGHJKLZ03,9128283L2,BUY,30000000,100-103,DONE,
2018-12-24 19:46:34.342 ,ASDFGHJKLZ04,9128283L2,SELL,40000000,100-000,DONE,
2018-12-24 19:46:34.342 ,ASDFGHJKLZ05,9128283L2,BUY,50000000,100-246,DONE,
2018-12-24 19:46:34.342 ,ASDFGHJKLZ06,9128283L2,SELL,50000000,99-001,DONE,
2018-12-24 19:46:34.342 ,ASDFGHJKLZ07,9128283L2,BUY,40000000,99-18+,DONE,
2018-12-24 19:46:34.342 ,ASDFGHJKLZ08,9128283L2,SELL,30000000,99-015,DONE,
2018-12-24 19:46:34.343 ,ASDFGHJKLZ09,9128283L2,BUY,20000000,100-272,DONE,
2018-12-24 19:46:34.343 ,ASDFGHJKLZ10,9128283L2,SELL,10000000,100-197,DONE,
2018-12-24 19:46:34.343 ,XCVBNMPOIU01,912828M80,BUY,10000000,99-27+,DONE,
2018-12-24 19:46:34.343 ,XCVBNMPOIU02,912828M80,SELL,20000000,100-061,DONE,
2018-12-24 19:46:34.343 ,XCVBNMPOIU03,912828M80,BUY,30000000,99-053,DONE,
2018-12-24 19:46:34.343 ,XCVBNMPOIU04,912828M80,SELL,40000000,99-086,DONE,
2018-12-24 19:46:34.344 ,XCVBNMPOIU05,912828M80,BUY,50000000,99-11+,DONE,
2018-12-24 19:46:34.344 ,XCVBNMPOIU06,912828M80,SELL,50000000,100-101,DONE,
2018-12-24 19:46:34.344 ,XCVBNMPOIU07,912828M80,BUY,40000000,100-261,DONE,
2018-12-24 19:46:34.344 ,XCVBNMPOIU08,912828M80,SELL,30000000,100-242,DONE,
2018-12-24 19:46:34.344 ,XCVBNMPOIU09,912828M80,BUY,20000000,100-292,DONE,
2018-12-24 19:46:34.344 ,XCVBNMPOIU10,912828M80,SELL,10000000,99-097,DONE,
2018-12-24 19:46:34.344 ,YTREWQLKJH01,9128283J7,BUY,10000000,100-140,DONE,
2018-12-24 19:46:34.344 ,YTREWQLKJH02,9128283J7,SELL,20000000,99-187,DONE,
2018-12-24 19:46:34.345 ,YTREWQLKJH03,9128283J7,BUY,30000000,100-121,DONE,
2018-12-24 19:46:34.345 ,YTREWQLKJH04,9128283J7,SELL,40000000,99-046,DONE,
2018-12-24 19:46:34.345 ,YTREWQLKJH05,9128283J7,BUY,50000000,99-291,DONE,
2018-12-24 19:46:34.345 ,YTREWQLKJH06,9128283J7,SELL,50000000,100-052,DONE,
2018-12-24 19:46:34.345 ,YTREWQLKJH07,9128283J7,BUY,40000000,100-16+,DONE,
2018-12-24 19:46:34.345 ,YTREWQLKJH08,9128283J7,SELL,30000000,99-315,DONE,
2018-12-24 19:46:34.345 ,YTREWQLKJH09,9128283J7,BUY,20000000,100-220,DONE,
2018-12-24 19:46:34.345 ,YTREWQLKJH10,9128283J7,SELL,10000000,100-277,DONE,
2018-12-24 19:46:34.345 ,GFDSAMNBVC01,9128283F5,BUY,10000000,100-166,DONE,
2018-12-24 19:46:34.346 ,GFDSAMNBVC02,9128283F5,SELL,20000000,100-040,DONE,
2018-12-24 19:46:34.346 ,GFDSAMNBVC03,9128283F5,BUY,30000000,99-161,DONE,
2018-12-24 19:46:34.346 ,GFDSAMNBVC04,9128283F5,SELL,40000000,100-29+,DONE,
2018-12-24 19:46:34.346 ,GFDSAMNBVC05,9128283F5,BUY,50000000,99-052,DONE,
2018-12-24 19:46:34.346 ,GFDSAMNBVC06,9128283F5,SELL,50000000,100-20+,DONE,
2018-12-24 19:46:34.346 ,GFDSAMNBVC07,9128283F5,BUY,40000000,99-023,DONE,
2018-12-24 19:46:34.346 ,GFDSAMNBVC08,9128283F5,SELL,30000000,99-086,DONE,
2018-12-24 19:46:34.346 ,GFDSAMNBVC09,9128283F5,BUY,20000000,99-075,DONE,
2018-12-24 19:46:34.346 ,GFDSAMNBVC10,9128283F5,SELL,10000000,99-035,DONE,
2018-12-24 19:46:34.346 ,XZQWERTYUI01,912810RZ3,BUY,10000000,100-013,DONE,
2018-12-24 19:46:34.347 ,XZQWERTYUI02,912810RZ3,SELL,20000000,99-245,DONE,
2018-12-24 19:46:34.347 ,XZQWERTYUI03,912810RZ3,BUY,30000000,99-002,DONE,
2018-12-24 19:46:34.347 ,XZQWERTYUI04,912810RZ3,SELL,40000000,100-277,DONE,
2018-12-24 19:46:34.347 ,XZQWERTYUI05,912810RZ3,BUY,50000000,100-047,DONE,
2018-12-24 19:46:34.347 ,XZQWERTYUI06,912810RZ3,SELL,50000000,100-013,DONE,
2018-12-24 19:46:34.347 ,XZQWERTYUI07,912810RZ3,BUY,40000000,99-166,DONE,
2018-12-24 19:46:34.347 ,XZQWERTYUI08,912810RZ3,SELL,30000000,100-075,DONE,
2018-12-24 19:46:34.347 ,XZQWERTYUI09,912810RZ3,BUY,20000000,100-012,DONE,
2018-12-24 19:46:34.347 ,XZQWERTYUI10,912810RZ3,SELL,10000000,100-103,DONE,
2018-12-24 19:47:00.926 ,QWERTYUIOP01,9128283H1,BUY,10000000,99-281,DONE,
2018-12-24 19:47:00.926 ,QWERTYUIOP02,9128283H1,SELL,20000000,99-123,DONE,
2018-12-24 19:47:00.926 ,QWERTYUIOP03,9128283H1,BUY,30000000,99-287,DONE,
2018-12-24 19:47:00.926 ,QWERTYUIOP04,9128283H1,SELL,40000000,99-255,DONE,
2018-12-24 19:47:00.926 ,QWERTYUIOP05,9128283H1,BUY,50000000,100-263,DONE,
2018-12-24 19:47:00.926 ,QWERTYUIOP06,9128283H1,SELL,50000000,99-147,DONE,
2018-12-24 19:47:00.927 ,QWERTYUIOP07,9128283H1,BUY,40000000,99-093,DONE,
2018-12-24 19:47:00.927 ,QWERTYUIOP08,9128283H1,SELL,30000000,99-020,DONE,
2018-12-24 19:47:00.927 ,QWERTYUIOP09,9128283H1,BUY,20000000,99-040,DONE,
2018-12-24 19:47:00.927 ,QWERTYUIOP10,9128283H1,SELL,10000000,99-177,DONE,
2018-12-24 19:47:00.927 ,ASDFGHJKLZ01,9128283L2,BUY,10000000,100-086,DONE,
2018-12-24 19:47:00.927 ,ASDFGHJKLZ02,9128283L2,SELL,20000000,100-061,DONE,
2018-12-24 19:47:00.928 ,ASDFGHJKLZ03,9128283L2,BUY,30000000,100-103,DONE,
2018-12-24 19:47:00.928 ,ASDFGHJKLZ04,9128283L2,SELL,40000000,100-000,DONE,
2018-12-24 19:47:00.928 ,ASDFGHJKLZ05,9128283L2,BUY,50000000,100-246,DONE,
2018-12-24 19:47:00.928 ,ASDFGHJKLZ06,9128283L2,SELL,50000000,99-001,DONE,
2018-12-24 19:47:00.928 ,ASDFGHJKLZ07,9128283L2,BUY,40000000,99-18+,DONE,
2018-12-24 19:47:00.928 ,ASDFGHJKLZ08,9128283L2,SELL,30000000,99-015,DONE,
2018-12-24 19:47:00.928 ,ASDFGHJKLZ09,9128283L2,BUY,20000000,100-272,DONE,
2018-12-24 19:47:00.928 ,ASDFGHJKLZ10,9128283L2,SELL,10000000,100-197,DONE,
2018-12-24 19:47:00.929 ,XCVBNMPOIU01,912828M80,BUY,10000000,99-27+,DONE,
2018-12-24 19:47:00.929 ,XCVBNMPOIU02,912828M80,SELL,20000000,100-061,DONE,
2018-12-24 19:47:00.929 ,XCVBNMPOIU03,912828M80,BUY,30000000,99-053,DONE,
2018-12-24 19:47:00.929 ,XCVBNMPOIU04,912828M80,SELL,40000000,99-086,DONE,
2018-12-24 19:47:00.929 ,XCVBNMPOIU05,912828M80,BUY,50000000,99-11+,DONE,
2018-12-24 19:47:00.929 ,XCVBNMPOIU06,912828M80,SELL,50000000,100-101,DONE,
2018-12-24 19:47:00.929 ,XCVBNMPOIU07,912828M80,BUY,40000000,100-261,DONE,
2018-12-24 19:47:00.929 ,XCVBNMPOIU08,912828M80,SELL,30000000,100-242,DONE,
2018-12-24 19:47:00.930 ,XCVBNMPOIU09,912828M80,BUY,20000000,100-292,DONE,
2018-12-24 19:47:00.930 ,XCVBNMPOIU10,912828M80,SELL,10000000,99-097,DONE,
2018-12-24 19:47:00.930 ,YTREWQLKJH01,9128283J7,BUY,10000000,100-140,DONE,
2018-12-24 19:47:00.930 ,YTREWQLKJH02,9128283J7,SELL,20000000,99-187,DONE,
2018-12-24 19:47:00.930 ,YTREWQLKJH03,9128283J7,BUY,30000000,100-121,DONE,
2018-12-24 19:47:00.930 ,YTREWQLKJH04,9128283J7,SELL,40000000,99-046,DONE,
2018-12-24 19:47:00.930 ,YTREWQLKJH05,9128283J7,BUY,50000000,99-291,DONE,
2018-12-24 19:47:00.930 ,YTREWQLKJH06,9128283J7,SELL,50000000,100-052,DONE,
2018-12-24 19:47:00.931 ,YTREWQLKJH07,9128283J7,BUY,40000000,100-16+,DONE,
2018-12-24 19:47:00.931 ,YTREWQLKJH08,9128283J7,SELL,30000000,99-315,DONE,
2018-12-24 19:47:00.931 ,YTREWQLKJH09,9128283J7,BUY,20000000,100-220,DONE,
2018-12-24 19:47:00.931 ,YTREWQLKJH10,9128283J7,SELL,10000000,100-277,DONE,
2018-12-24 19:47:00.931 ,GFDSAMNBVC01,9128283F5,BUY,10000000,100-166,DONE,
2018-12-24 19:47:00.931 ,GFDSAMNBVC02,9128283F5,SELL,20000000,100-040,DONE,
2018-12-24 19:47:00.931 ,GFDSAMNBVC03,9128283F5,BUY,30000000,99-161,DONE,
2018-12-24 19:47:00.931 ,GFDSAMNBVC04,9128283F5,SELL,40000000,100-29+,DONE,
2018-12-24 19:47:00.932 ,GFDSAMNBVC05,9128283F5,BUY,50000000,99-052,DONE,
2018-12-24 19:47:00.932 ,GFDSAMNBVC06,9128283F5,SELL,50000000,100-20+,DONE,
2018-12-24 19:47:00.932 ,GFDSAMNBVC07,9128283F5,BUY,40000000,99-023,DONE,
2018-12-24 19:47:00.932 ,GFDSAMNBVC08,9128283F5,SELL,30000000,99-086,DONE,
2018-12-24 19:47:00.932 ,GFDSAMNBVC09,9128283F5,BUY,20000000,99-075,DONE,
2018-12-24 19:47:00.932 ,GFDSAMNBVC10,9128283F5,SELL,10000000,99-035,DONE,
2018-12-24 19:47:00.932 ,XZQWERTYUI01,912810RZ3,BUY,10000000,100-013,DONE,
2018-12-24 19:47:00.932 ,XZQWERTYUI02,912810RZ3,SELL,20000000,99-245,DONE,
2018-12-24 19:47:00.932 ,XZQWERTYUI03,912810RZ3,BUY,30000000,99-002,DONE,
2018-12-24 19:47:00.933 ,XZQWERTYUI04,912810RZ3,SELL,40000000,100-277,DONE,
2018-12-24 19:47:00.933 ,XZQWERTYUI05,912810RZ3,BUY,50000000,100-047,DONE,
2018-12-24 19:47:00.933 ,XZQWERTYUI06,912810RZ3,SELL,50000000,100-013,DONE,
2018-12-24 19:47:00.933 ,XZQWERTYUI07,912810RZ3,BUY,40000000,99-166,DONE,
2018-12-24 19:47:00.933 ,XZQWERTYUI08,912810RZ3,SELL,30000000,100-075,DONE,
2018-12-24 19:47:00.933 ,XZQWERTYUI09,912810RZ3,BUY,20000000,100-012,DONE,
2018-12-24 19:47:00.933 ,XZQWERTYUI10,912810RZ3,SELL,10000000,100-103,DONE,
